<marc:collection xmlns:marc="http://www.loc.gov/MARC21/slim" xmlns:xsi="http://www.w3.org/2001/XMLSchema-instance" xsi:schemaLocation="http://www.loc.gov/MARC21/slim http://www.loc.gov/standards/marcxml/schema/MARC21slim.xsd">
<marc:record>
<marc:controlfield tag="001">186</marc:controlfield>
<marc:controlfield tag="003">DE-633</marc:controlfield>
<marc:controlfield tag="005">20190228091830.0</marc:controlfield>
<marc:datafield tag="024" ind1="7" ind2=" ">
<marc:subfield code="a">316769161</marc:subfield>
<marc:subfield code="2">VIAF</marc:subfield>
</marc:datafield>
<marc:datafield tag="024" ind1="7" ind2=" ">
<marc:subfield code="a">1074118340</marc:subfield>
<marc:subfield code="2">DNB</marc:subfield>
</marc:datafield>
<marc:datafield tag="040" ind1=" " ind2=" ">
<marc:subfield code="a">DE-633</marc:subfield>
<marc:subfield code="b">ger</marc:subfield>
<marc:subfield code="c">DE-633</marc:subfield>
</marc:datafield>
<marc:datafield tag="100" ind1="1" ind2=" ">
<marc:subfield code="a">Lechner, Leonhard</marc:subfield>
<marc:subfield code="d">1553c-1606</marc:subfield>
<marc:subfield code="t">Neue lustige teutsche Lieder nach Art der Welschen Canzonen</marc:subfield>
<marc:subfield code="0">30013110</marc:subfield>
</marc:datafield>
<marc:datafield tag="400" ind1="1" ind2=" ">
<marc:subfield code="a">Lechner, Leonhard</marc:subfield>
<marc:subfield code="d">1553c-1606</marc:subfield>
<marc:subfield code="t">Neue lustige deutsche Lieder nach Art der Welschen Canzonen</marc:subfield>
<marc:subfield code="0">30013110</marc:subfield>
</marc:datafield>
</marc:record>