
<marc:record>
<marc:controlfield tag="001">874</marc:controlfield>
<marc:controlfield tag="003">DE-633</marc:controlfield>
<marc:controlfield tag="005">20210226144540.0</marc:controlfield>
<marc:datafield tag="024" ind1="7" ind2=" ">
<marc:subfield code="a">183502036</marc:subfield>
<marc:subfield code="2">VIAF</marc:subfield>
</marc:datafield>
<marc:datafield tag="024" ind1="7" ind2=" ">
<marc:subfield code="a">n 85076556</marc:subfield>
<marc:subfield code="2">LC</marc:subfield>
</marc:datafield>
<marc:datafield tag="040" ind1=" " ind2=" ">
<marc:subfield code="a">DE-633</marc:subfield>
<marc:subfield code="b">ger</marc:subfield>
<marc:subfield code="c">DE-633</marc:subfield>
</marc:datafield>
<marc:datafield tag="100" ind1="1" ind2=" ">
<marc:subfield code="a">Telemann, Georg Philipp</marc:subfield>
<marc:subfield code="d">1681-1767</marc:subfield>
<marc:subfield code="n">TWV 55:G10</marc:subfield>
<marc:subfield code="r">G-Dur</marc:subfield>
<marc:subfield code="t">Overtures</marc:subfield>
<marc:subfield code="0">126287</marc:subfield>
</marc:datafield>
<marc:datafield tag="400" ind1="1" ind2=" ">
<marc:subfield code="a">Telemann, Georg Philipp</marc:subfield>
<marc:subfield code="d">1681-1767</marc:subfield>
<marc:subfield code="t">Suite D. Quixote (Overture)</marc:subfield>
<marc:subfield code="0">126287</marc:subfield>
</marc:datafield>
<marc:datafield tag="400" ind1="1" ind2=" ">
<marc:subfield code="a">Telemann, Georg Philipp</marc:subfield>
<marc:subfield code="d">1681-1767</marc:subfield>
<marc:subfield code="t">Suite Don Quixote</marc:subfield>
<marc:subfield code="0">126287</marc:subfield>
</marc:datafield>
<marc:datafield tag="400" ind1="1" ind2=" ">
<marc:subfield code="a">Telemann, Georg Philipp</marc:subfield>
<marc:subfield code="d">1681-1767</marc:subfield>
<marc:subfield code="t">Don Quixote (Overture)</marc:subfield>
<marc:subfield code="0">126287</marc:subfield>
</marc:datafield>
<marc:datafield tag="400" ind1="1" ind2=" ">
<marc:subfield code="a">Telemann, Georg Philipp</marc:subfield>
<marc:subfield code="d">1681-1767</marc:subfield>
<marc:subfield code="t">Ouverture, Burlesque de Quixotte</marc:subfield>
<marc:subfield code="0">126287</marc:subfield>
</marc:datafield>
<marc:datafield tag="400" ind1="1" ind2=" ">
<marc:subfield code="a">Telemann, Georg Philipp</marc:subfield>
<marc:subfield code="d">1681-1767</marc:subfield>
<marc:subfield code="t">Don Quichotte (Overture)</marc:subfield>
<marc:subfield code="0">126287</marc:subfield>
</marc:datafield>
<marc:datafield tag="400" ind1="1" ind2=" ">
<marc:subfield code="a">Telemann, Georg Philipp</marc:subfield>
<marc:subfield code="d">1681-1767</marc:subfield>
<marc:subfield code="t">Don Quixote suite</marc:subfield>
<marc:subfield code="0">126287</marc:subfield>
</marc:datafield>
<marc:datafield tag="400" ind1="1" ind2=" ">
<marc:subfield code="a">Telemann, Georg Philipp</marc:subfield>
<marc:subfield code="d">1681-1767</marc:subfield>
<marc:subfield code="n">TWV 55:G10,</marc:subfield>
<marc:subfield code="r">G major</marc:subfield>
<marc:subfield code="t">Overtures,</marc:subfield>
<marc:subfield code="0">126287</marc:subfield>
</marc:datafield>
<marc:datafield tag="400" ind1="1" ind2=" ">
<marc:subfield code="a">Telemann, Georg Philipp</marc:subfield>
<marc:subfield code="d">1681-1767</marc:subfield>
<marc:subfield code="t">Bourlesque de Quixotte</marc:subfield>
<marc:subfield code="0">126287</marc:subfield>
</marc:datafield>
<marc:datafield tag="400" ind1="1" ind2=" ">
<marc:subfield code="a">Telemann, Georg Philipp</marc:subfield>
<marc:subfield code="d">1681-1767</marc:subfield>
<marc:subfield code="t">Don Quichotte-Suite</marc:subfield>
<marc:subfield code="0">126287</marc:subfield>
</marc:datafield>
<marc:datafield tag="400" ind1="1" ind2=" ">
<marc:subfield code="a">Telemann, Georg Philipp</marc:subfield>
<marc:subfield code="d">1681-1767</marc:subfield>
<marc:subfield code="t">Suite burlesque de Quixotte</marc:subfield>
<marc:subfield code="0">126287</marc:subfield>
</marc:datafield>
</marc:record>