
<marc:record>
<marc:controlfield tag="001">399</marc:controlfield>
<marc:controlfield tag="003">DE-633</marc:controlfield>
<marc:controlfield tag="005">20200219121546.0</marc:controlfield>
<marc:datafield tag="024" ind1="7" ind2=" ">
<marc:subfield code="a">181948622</marc:subfield>
<marc:subfield code="2">VIAF</marc:subfield>
</marc:datafield>
<marc:datafield tag="024" ind1="7" ind2=" ">
<marc:subfield code="a">n 95055949</marc:subfield>
<marc:subfield code="2">LC</marc:subfield>
</marc:datafield>
<marc:datafield tag="031" ind1=" " ind2=" ">
<marc:subfield code="a">1</marc:subfield>
<marc:subfield code="b">1</marc:subfield>
<marc:subfield code="c">1</marc:subfield>
<marc:subfield code="d">Allegro con spirito</marc:subfield>
<marc:subfield code="g">G-2</marc:subfield>
<marc:subfield code="o">c/</marc:subfield>
<marc:subfield code="p">'4C{8.C6C}4CC/DDEE/2F,bA/G-/</marc:subfield>
</marc:datafield>
<marc:datafield tag="031" ind1=" " ind2=" ">
<marc:subfield code="a">1</marc:subfield>
<marc:subfield code="b">2</marc:subfield>
<marc:subfield code="c">1</marc:subfield>
<marc:subfield code="d">Adagio</marc:subfield>
<marc:subfield code="g">G-2</marc:subfield>
<marc:subfield code="n">bB</marc:subfield>
<marc:subfield code="o">2/4</marc:subfield>
<marc:subfield code="p">'4FF/G8A''F/{EDC'B}{BAt}6{G''C'BG}/</marc:subfield>
</marc:datafield>
<marc:datafield tag="031" ind1=" " ind2=" ">
<marc:subfield code="a">1</marc:subfield>
<marc:subfield code="b">3</marc:subfield>
<marc:subfield code="c">1</marc:subfield>
<marc:subfield code="d">Vivace assai</marc:subfield>
<marc:subfield code="g">G-2</marc:subfield>
<marc:subfield code="o">c/</marc:subfield>
<marc:subfield code="p">4-''CCC/'B''C2F/4-DDD/CE2G+/4G</marc:subfield>
</marc:datafield>
<marc:datafield tag="040" ind1=" " ind2=" ">
<marc:subfield code="a">DE-633</marc:subfield>
<marc:subfield code="b">ger</marc:subfield>
<marc:subfield code="c">DE-633</marc:subfield>
</marc:datafield>
<marc:datafield tag="100" ind1="1" ind2=" ">
<marc:subfield code="a">Hummel, Johann Nepomuk</marc:subfield>
<marc:subfield code="d">1778-1837</marc:subfield>
<marc:subfield code="m">pf, orch</marc:subfield>
<marc:subfield code="n">op. 34; ZimH 34 [a]</marc:subfield>
<marc:subfield code="r">C</marc:subfield>
<marc:subfield code="t">Concertos </marc:subfield>
<marc:subfield code="0">107007</marc:subfield>
</marc:datafield>
<marc:datafield tag="400" ind1="1" ind2=" ">
<marc:subfield code="a">Hummel, Johann Nepomuk</marc:subfield>
<marc:subfield code="d">1778-1837</marc:subfield>
<marc:subfield code="m">piano, orchestra,</marc:subfield>
<marc:subfield code="n">no. 2, op. 44,</marc:subfield>
<marc:subfield code="r">C</marc:subfield>
<marc:subfield code="t">Concertos,</marc:subfield>
<marc:subfield code="0">107007</marc:subfield>
</marc:datafield>
<marc:datafield tag="400" ind1="1" ind2=" ">
<marc:subfield code="a">Hummel, Johann Nepomuk</marc:subfield>
<marc:subfield code="d">1778-1837</marc:subfield>
<marc:subfield code="m">piano, orchestra,</marc:subfield>
<marc:subfield code="n">op. 36,</marc:subfield>
<marc:subfield code="r">C</marc:subfield>
<marc:subfield code="t">Concertos,</marc:subfield>
<marc:subfield code="0">107007</marc:subfield>
</marc:datafield>
<marc:datafield tag="400" ind1="1" ind2=" ">
<marc:subfield code="a">Hummel, Johann Nepomuk</marc:subfield>
<marc:subfield code="d">1778-1837</marc:subfield>
<marc:subfield code="m">piano, orchestra,</marc:subfield>
<marc:subfield code="n">op. 34,</marc:subfield>
<marc:subfield code="r">C</marc:subfield>
<marc:subfield code="t">Concertos,</marc:subfield>
<marc:subfield code="0">107007</marc:subfield>
</marc:datafield>
<marc:datafield tag="670" ind1=" " ind2=" ">
<marc:subfield code="a">ZimH</marc:subfield>
<marc:subfield code="b">34 [a]</marc:subfield>
<marc:subfield code="w">272</marc:subfield>
</marc:datafield>
<marc:datafield tag="680" ind1=" " ind2=" ">
<marc:subfield code="a">Incipits nach ZimH</marc:subfield>
</marc:datafield>
</marc:record>