
<marc:record>
<marc:controlfield tag="001">12</marc:controlfield>
<marc:controlfield tag="003">DE-633</marc:controlfield>
<marc:controlfield tag="005">20200219120120.0</marc:controlfield>
<marc:datafield tag="040" ind1=" " ind2=" ">
<marc:subfield code="a">DE-633</marc:subfield>
<marc:subfield code="b">ger</marc:subfield>
<marc:subfield code="c">DE-633</marc:subfield>
</marc:datafield>
<marc:datafield tag="100" ind1="1" ind2=" ">
<marc:subfield code="a">Schumann, Robert</marc:subfield>
<marc:subfield code="d">1810-1856</marc:subfield>
<marc:subfield code="m">Coro femminile, pf</marc:subfield>
<marc:subfield code="n">Frauenliebe und Leben; Excerpts; Arr</marc:subfield>
<marc:subfield code="r">C</marc:subfield>
<marc:subfield code="t">Seit ich ihn gesehen; Arr; Lieder; Partsongs; McCS. 42/1</marc:subfield>
<marc:subfield code="0">131206</marc:subfield>
</marc:datafield>
</marc:record>