
<marc:record>
<marc:controlfield tag="001">148</marc:controlfield>
<marc:controlfield tag="003">DE-633</marc:controlfield>
<marc:controlfield tag="005">20201124123936.0</marc:controlfield>
<marc:datafield tag="024" ind1="7" ind2=" ">
<marc:subfield code="a">175450053</marc:subfield>
<marc:subfield code="2">VIAF</marc:subfield>
</marc:datafield>
<marc:datafield tag="024" ind1="7" ind2=" ">
<marc:subfield code="a">n 88636710</marc:subfield>
<marc:subfield code="2">LC</marc:subfield>
</marc:datafield>
<marc:datafield tag="031" ind1=" " ind2=" ">
<marc:subfield code="a">1</marc:subfield>
<marc:subfield code="b">1</marc:subfield>
<marc:subfield code="c">1</marc:subfield>
<marc:subfield code="g">g-2</marc:subfield>
<marc:subfield code="m">S</marc:subfield>
<marc:subfield code="n">bBE</marc:subfield>
<marc:subfield code="o">c2</marc:subfield>
<marc:subfield code="p">9,B/1'CD/EE/9D/2-C1F/9G/2.F4EDC2,B/9'C/,B/G/</marc:subfield>
<marc:subfield code="q">Incipit nach NJE</marc:subfield>
<marc:subfield code="t">Absalon fili mi</marc:subfield>
</marc:datafield>
<marc:datafield tag="031" ind1=" " ind2=" ">
<marc:subfield code="a">1</marc:subfield>
<marc:subfield code="b">1</marc:subfield>
<marc:subfield code="c">2</marc:subfield>
<marc:subfield code="g">F-4</marc:subfield>
<marc:subfield code="m">A</marc:subfield>
<marc:subfield code="n">bBE</marc:subfield>
<marc:subfield code="o">c2</marc:subfield>
<marc:subfield code="p">=2/9,E/1FG/bAA/9G/1-1.G4FE1F/9G/</marc:subfield>
<marc:subfield code="q">Incipit nach NJE</marc:subfield>
<marc:subfield code="t">Absalon fili mi, fili mi Absalon</marc:subfield>
</marc:datafield>
<marc:datafield tag="031" ind1=" " ind2=" ">
<marc:subfield code="a">1</marc:subfield>
<marc:subfield code="b">1</marc:subfield>
<marc:subfield code="c">3</marc:subfield>
<marc:subfield code="g">F-4</marc:subfield>
<marc:subfield code="m">T</marc:subfield>
<marc:subfield code="n">bBEA</marc:subfield>
<marc:subfield code="o">c2</marc:subfield>
<marc:subfield code="p">=3/9,,B/1,CD/EE/D2-1D4C,,B,2CD/1E2D1E4DC2ED/1ED/</marc:subfield>
<marc:subfield code="q">Incipit nach NJE</marc:subfield>
<marc:subfield code="t">Absalon fili mi, fili mi Absalon</marc:subfield>
</marc:datafield>
<marc:datafield tag="031" ind1=" " ind2=" ">
<marc:subfield code="a">1</marc:subfield>
<marc:subfield code="b">1</marc:subfield>
<marc:subfield code="c">4</marc:subfield>
<marc:subfield code="g">F-4</marc:subfield>
<marc:subfield code="m">B</marc:subfield>
<marc:subfield code="n">bBEAD</marc:subfield>
<marc:subfield code="o">c2</marc:subfield>
<marc:subfield code="p">=5/9,,E/1FG/AA/9G/1-G/BB/FF/1.A4GF/9E/</marc:subfield>
<marc:subfield code="q">Incipit nach NJE</marc:subfield>
<marc:subfield code="t">Absalon fili mi, fili mi Absalon</marc:subfield>
</marc:datafield>
<marc:datafield tag="040" ind1=" " ind2=" ">
<marc:subfield code="a">DE-633</marc:subfield>
<marc:subfield code="b">ger</marc:subfield>
<marc:subfield code="c">DE-633</marc:subfield>
</marc:datafield>
<marc:datafield tag="100" ind1="1" ind2=" ">
<marc:subfield code="a">Josquin des Prez</marc:subfield>
<marc:subfield code="d">1450p-1521</marc:subfield>
<marc:subfield code="m">V (4)</marc:subfield>
<marc:subfield code="t">Absalon fili mi [NJE 14.1]</marc:subfield>
<marc:subfield code="0">20000367</marc:subfield>
</marc:datafield>
<marc:datafield tag="380" ind1=" " ind2=" ">
<marc:subfield code="a">Motets</marc:subfield>
<marc:subfield code="0">25240</marc:subfield>
</marc:datafield>
<marc:datafield tag="400" ind1="1" ind2=" ">
<marc:subfield code="a">Baston, Josquin</marc:subfield>
<marc:subfield code="d">16.sc</marc:subfield>
<marc:subfield code="t">Absalom, fili mi</marc:subfield>
<marc:subfield code="0">30007183</marc:subfield>
</marc:datafield>
<marc:datafield tag="400" ind1="1" ind2=" ">
<marc:subfield code="a">Baston, Josquin</marc:subfield>
<marc:subfield code="d">16.sc</marc:subfield>
<marc:subfield code="t">Absalon, oh my son</marc:subfield>
<marc:subfield code="0">30007183</marc:subfield>
</marc:datafield>
<marc:datafield tag="400" ind1="1" ind2=" ">
<marc:subfield code="a">Baston, Josquin</marc:subfield>
<marc:subfield code="d">16.sc</marc:subfield>
<marc:subfield code="t">O Absalom, my son</marc:subfield>
<marc:subfield code="0">30007183</marc:subfield>
</marc:datafield>
<marc:datafield tag="400" ind1="1" ind2=" ">
<marc:subfield code="a">Baston, Josquin</marc:subfield>
<marc:subfield code="d">16.sc</marc:subfield>
<marc:subfield code="t">Absalon, fili mi</marc:subfield>
<marc:subfield code="0">30007183</marc:subfield>
</marc:datafield>
<marc:datafield tag="548" ind1=" " ind2=" ">
<marc:subfield code="a">ca. 1490-1510</marc:subfield>
</marc:datafield>
<marc:datafield tag="670" ind1=" " ind2=" ">
<marc:subfield code="a">NJE </marc:subfield>
<marc:subfield code="b">vol. 14, p. 1-4 [E]</marc:subfield>
<marc:subfield code="w">3778</marc:subfield>
</marc:datafield>
<marc:datafield tag="670" ind1=" " ind2=" ">
<marc:subfield code="a">OsthoffJ 1962</marc:subfield>
<marc:subfield code="b">p. 382-384 [E]</marc:subfield>
<marc:subfield code="w">30027411</marc:subfield>
</marc:datafield>
<marc:datafield tag="670" ind1=" " ind2=" ">
<marc:subfield code="a">CMM 97</marc:subfield>
<marc:subfield code="b">vol. 9 (1996), p. 204-208, 227-230 [E]</marc:subfield>
<marc:subfield code="w">30023733</marc:subfield>
</marc:datafield>
<marc:datafield tag="670" ind1=" " ind2=" ">
<marc:subfield code="a">SmijersJ 1921</marc:subfield>
<marc:subfield code="b">Supplement (1969), no. 5, arl. 55 [E]</marc:subfield>
<marc:subfield code="w">1448</marc:subfield>
</marc:datafield>
<marc:datafield tag="670" ind1=" " ind2=" ">
<marc:subfield code="a">ToftP 1983</marc:subfield>
<marc:subfield code="b">[E]</marc:subfield>
<marc:subfield code="w">41002079</marc:subfield>
</marc:datafield>
<marc:datafield tag="680" ind1=" " ind2=" ">
<marc:subfield code="a">Text: specially written; is based on 2 Samuel 18:33, probable Genesis 37:35 and Job 7:16</marc:subfield>
</marc:datafield>
<marc:datafield tag="680" ind1=" " ind2=" ">
<marc:subfield code="a">Manuscript [S]: GB-Lbl Royal 8 G. vii, f. 56'-58 (anonym).</marc:subfield>
</marc:datafield>
<marc:datafield tag="680" ind1=" " ind2=" ">
<marc:subfield code="a">Early printed Editions [S]: Selectissimae nevnon familiarissimae cantiones... (Augsburg: M. Kriesstein, 1540), no. 24, IOSQUIN. Tertia pars operis musici... (Nuremberg: Montanus & Neuber, 1559), no. 10, IOSQUIN DE PRES (SA), JOSQUIN (TB). Intabulations: Tabulaturbuch auff die Lauten von Moteten frantzösischen-welschen und teütschen geystlichen und weltlichen Liedern... (Heidelberg: J. Kohlen, 1558), ff. 30-31', Iosquin de Pres.</marc:subfield>
</marc:datafield>
</marc:record>
</marc:collection>